@article{paper/future/generation/computer/systems,
  title =   "{Internet of Things} ({IoT}): A vision, architectural elements, and future directions",
  author =  "Jayavardhana Gubbi and Rajkumar Buyya and Slaven Marusic and Marimuthu Palaniswami",
  journal = "ELSEVIER",
  year =    "2013",
  url = "http://www.buyya.com/papers/Internet-of-Things-Vision-Future2013.pdf",
  pages =   "1-16"
}